{
  "leader": "02473cam a2200553 a 4500",
  "fields": [
    {
      "001": "ocm13396024\\"
    },
    {
      "003": "OCoLC"
    },
    {
      "005": "20221230130637.0"
    },
    {
      "008": "860319s1986\\\\\\\\enka\\\\\\\\\\b\\\\\\\\001\\0\\eng\\\\"
    },
    {
      "010": {
        "ind1": "\\",
        "ind2": "\\",
        "subfields": [
          {
            "a": "   86006888 "
          }
        ]
      }
    },
    {
      "040": {
        "ind1": "\\",
        "ind2": "\\",
        "subfields": [
          {
            "a": "DLC"
          },
          {
            "b": "eng"
          },
          {
            "c": "DLC"
          },
          {
            "d": "UKM"
          },
          {
            "d": "NLM"
          },
          {
            "d": "BAKER"
          },
          {
            "d": "NLGGC"
          },
          {
            "d": "BTCTA"
          },
          {
            "d": "YDXCP"
          },
          {
            "d": "NLE"
          },
          {
            "d": "OCLCQ"
          },
          {
            "d": "DEBBG"
          },
          {
            "d": "EUM"
          },
          {
            "d": "GBVCP"
          },
          {
            "d": "OCLCO"
          },
          {
            "d": "OCLCQ"
          },
          {
            "d": "UKMGB"
          },
          {
            "d": "OCLCQ"
          },
          {
            "d": "DHA"
          },
          {
            "d": "OCLCO"
          },
          {
            "d": "OCLCQ"
          },
          {
            "d": "OCLCO"
          },
          {
            "d": "OCLCQ"
          },
          {
            "d": "OCLCF"
          },
          {
            "d": "OCLCA"
          },
          {
            "d": "LIP"
          },
          {
            "d": "LUN"
          },
          {
            "d": "MM9"
          },
          {
            "d": "IL4J6"
          },
          {
            "d": "OCLCO"
          },
          {
            "d": "OCL"
          }
        ]
      }
    },
    {
      "016": {
        "ind1": "7",
        "ind2": "\\",
        "subfields": [
          {
            "a": "8801824"
          },
          {
            "2": "DNLM"
          }
        ]
      }
    },
    {
      "016": {
        "ind1": "7",
        "ind2": "\\",
        "subfields": [
          {
            "a": "007094117"
          },
          {
            "2": "Uk"
          }
        ]
      }
    },
    {
      "019": {
        "ind1": "\\",
        "ind2": "\\",
        "subfields": [
          {
            "a": "13423155"
          },
          {
            "a": "17505949"
          },
          {
            "a": "1166969817"
          },
          {
            "a": "1171171753"
          }
        ]
      }
    },
    {
      "020": {
        "ind1": "\\",
        "ind2": "\\",
        "subfields": [
          {
            "a": "0521326397"
          }
        ]
      }
    },
    {
      "020": {
        "ind1": "\\",
        "ind2": "\\",
        "subfields": [
          {
            "a": "9780521326391"
          }
        ]
      }
    },
    {
      "035": {
        "ind1": "\\",
        "ind2": "\\",
        "subfields": [
          {
            "a": "(OCoLC)13396024"
          },
          {
            "z": "(OCoLC)13423155"
          },
          {
            "z": "(OCoLC)17505949"
          },
          {
            "z": "(OCoLC)1166969817"
          },
          {
            "z": "(OCoLC)1171171753"
          }
        ]
      }
    },
    {
      "037": {
        "ind1": "\\",
        "ind2": "\\",
        "subfields": [
          {
            "c": "\u00a320.00 : CIP rev."
          }
        ]
      }
    },
    {
      "043": {
        "ind1": "\\",
        "ind2": "\\",
        "subfields": [
          {
            "a": "e-uk-en"
          }
        ]
      }
    },
    {
      "050": {
        "ind1": "0",
        "ind2": "0",
        "subfields": [
          {
            "a": "R854.G7"
          },
          {
            "b": "H35 1986"
          }
        ]
      }
    },
    {
      "082": {
        "ind1": "0",
        "ind2": "0",
        "subfields": [
          {
            "a": "610.720421"
          },
          {
            "b": "HAL"
          }
        ]
      }
    },
    {
      "100": {
        "ind1": "1",
        "ind2": "\\",
        "subfields": [
          {
            "a": "Hall, A. Rupert"
          },
          {
            "q": "(Alfred Rupert),"
          },
          {
            "d": "1920-2009."
          }
        ]
      }
    },
    {
      "245": {
        "ind1": "1",
        "ind2": "0",
        "subfields": [
          {
            "a": "Physic and philanthropy :"
          },
          {
            "b": "a history of the Wellcome Trust, 1936-1986 /"
          },
          {
            "c": "A.R. Hall and B.A. Bembridge ; with a foreword by Sir David Steel."
          }
        ]
      }
    },
    {
      "260": {
        "ind1": "\\",
        "ind2": "\\",
        "subfields": [
          {
            "a": "Cambridge ;"
          },
          {
            "a": "New York :"
          },
          {
            "b": "Cambridge University Press,"
          },
          {
            "c": "1986."
          }
        ]
      }
    },
    {
      "300": {
        "ind1": "\\",
        "ind2": "\\",
        "subfields": [
          {
            "a": "xii, 479 pages :"
          },
          {
            "b": "illustrations (some color) ;"
          },
          {
            "c": "24 cm"
          }
        ]
      }
    },
    {
      "336": {
        "ind1": "\\",
        "ind2": "\\",
        "subfields": [
          {
            "a": "text"
          },
          {
            "b": "txt"
          },
          {
            "2": "rdacontent"
          }
        ]
      }
    },
    {
      "337": {
        "ind1": "\\",
        "ind2": "\\",
        "subfields": [
          {
            "a": "unmediated"
          },
          {
            "b": "n"
          },
          {
            "2": "rdamedia"
          }
        ]
      }
    },
    {
      "338": {
        "ind1": "\\",
        "ind2": "\\",
        "subfields": [
          {
            "a": "volume"
          },
          {
            "b": "nc"
          },
          {
            "2": "rdacarrier"
          }
        ]
      }
    },
    {
      "504": {
        "ind1": "\\",
        "ind2": "\\",
        "subfields": [
          {
            "a": "Includes bibliographical references (pages 458-462) and index."
          }
        ]
      }
    },
    {
      "610": {
        "ind1": "2",
        "ind2": "0",
        "subfields": [
          {
            "a": "Wellcome Trust (London, England)"
          },
          {
            "x": "History."
          }
        ]
      }
    },
    {
      "600": {
        "ind1": "1",
        "ind2": "0",
        "subfields": [
          {
            "a": "Wellcome, Henry S."
          },
          {
            "q": "(Henry Solomon),"
          },
          {
            "c": "Sir,"
          },
          {
            "d": "1853-1936."
          }
        ]
      }
    },
    {
      "650": {
        "ind1": "\\",
        "ind2": "0",
        "subfields": [
          {
            "a": "Medicine"
          },
          {
            "x": "Research"
          },
          {
            "x": "Endowments."
          }
        ]
      }
    },
    {
      "650": {
        "ind1": "\\",
        "ind2": "0",
        "subfields": [
          {
            "a": "Veterinary medicine"
          },
          {
            "x": "Research"
          },
          {
            "x": "Endowments."
          }
        ]
      }
    },
    {
      "650": {
        "ind1": "\\",
        "ind2": "0",
        "subfields": [
          {
            "a": "Trusts and trustees."
          }
        ]
      }
    },
    {
      "600": {
        "ind1": "1",
        "ind2": "2",
        "subfields": [
          {
            "a": "Wellcome, Henry S."
          },
          {
            "q": "(Henry Solomon),"
          },
          {
            "c": "Sir,"
          },
          {
            "d": "1853-1936."
          }
        ]
      }
    },
    {
      "610": {
        "ind1": "2",
        "ind2": "2",
        "subfields": [
          {
            "a": "Wellcome Trust (London, England)"
          }
        ]
      }
    },
    {
      "650": {
        "ind1": "\\",
        "ind2": "2",
        "subfields": [
          {
            "a": "Governing Board"
          },
          {
            "x": "history"
          }
        ]
      }
    },
    {
      "650": {
        "ind1": "\\",
        "ind2": "2",
        "subfields": [
          {
            "a": "Research Support as Topic"
          },
          {
            "x": "history"
          }
        ]
      }
    },
    {
      "650": {
        "ind1": "\\",
        "ind2": "2",
        "subfields": [
          {
            "a": "Trustees"
          }
        ]
      }
    },
    {
      "600": {
        "ind1": "1",
        "ind2": "7",
        "subfields": [
          {
            "a": "Wellcome, Henry S."
          },
          {
            "q": "(Henry Solomon),"
          },
          {
            "c": "Sir,"
          },
          {
            "d": "1853-1936."
          },
          {
            "2": "fast"
          },
          {
            "0": "(OCoLC)fst00121472"
          }
        ]
      }
    },
    {
      "610": {
        "ind1": "2",
        "ind2": "7",
        "subfields": [
          {
            "a": "Wellcome Trust (London, England)"
          },
          {
            "2": "fast"
          },
          {
            "0": "(OCoLC)fst00510855"
          }
        ]
      }
    },
    {
      "650": {
        "ind1": "\\",
        "ind2": "7",
        "subfields": [
          {
            "a": "Trusts and trustees."
          },
          {
            "2": "fast"
          },
          {
            "0": "(OCoLC)fst01158201"
          }
        ]
      }
    },
    {
      "650": {
        "ind1": "\\",
        "ind2": "7",
        "subfields": [
          {
            "a": "Medicine"
          },
          {
            "x": "Research"
          },
          {
            "x": "Endowments."
          },
          {
            "2": "fast"
          },
          {
            "0": "(OCoLC)fst01015066"
          }
        ]
      }
    },
    {
      "655": {
        "ind1": "\\",
        "ind2": "7",
        "subfields": [
          {
            "a": "History."
          },
          {
            "2": "fast"
          },
          {
            "0": "(OCoLC)fst01411628"
          }
        ]
      }
    },
    {
      "700": {
        "ind1": "1",
        "ind2": "\\",
        "subfields": [
          {
            "a": "Bembridge, B. A."
          }
        ]
      }
    },
    {
      "856": {
        "ind1": "4",
        "ind2": "2",
        "subfields": [
          {
            "3": "Publisher description"
          },
          {
            "u": "http://catdir.loc.gov/catdir/description/cam031/86006888.html"
          }
        ]
      }
    },
    {
      "994": {
        "ind1": "\\",
        "ind2": "\\",
        "subfields": [
          {
            "a": "Z0"
          },
          {
            "b": "NYRVC"
          }
        ]
      }
    },
    {
      "948": {
        "ind1": "\\",
        "ind2": "\\",
        "subfields": [
          {
            "h": "NO HOLDINGS IN NYRVC - 222 OTHER HOLDINGS"
          }
        ]
      }
    },
    {
      "999": {
        "ind1": "\\",
        "ind2": "\\",
        "subfields": [
          {
            "a": "00000000012582"
          }
        ]
      }
    }
  ]
}